<record><leader>00000cas a2200000 a 4500</leader><controlfield tag="001">20982416</controlfield><controlfield tag="008">900131d18941895iludn ne      0   a0eng c</controlfield><datafield ind1=" " ind2=" " tag="010"><subfield code="a">sn 90054886 </subfield></datafield><datafield ind1=" " ind2=" " tag="040"><subfield code="a">NVF</subfield><subfield code="b">eng</subfield><subfield code="c">NVF</subfield><subfield code="d">OCLCQ</subfield><subfield code="d">NVF</subfield><subfield code="d">OCLCQ</subfield><subfield code="d">OCLCF</subfield><subfield code="d">NVF</subfield><subfield code="d">OCLCO</subfield></datafield><datafield ind1=" " ind2=" " tag="042"><subfield code="a">pcc</subfield></datafield><datafield ind1=" " ind2=" " tag="043"><subfield code="a">n-us-il</subfield></datafield><datafield ind1="0" ind2=" " tag="130"><subfield code="a">Evening courier (Charleston, Ill.)</subfield></datafield><datafield ind1="1" ind2="4" tag="245"><subfield code="a">The evening courier.</subfield></datafield><datafield ind1=" " ind2=" " tag="260"><subfield code="a">Charleston, Ill. :</subfield><subfield code="b">Strode &amp; Lee</subfield></datafield><datafield ind1=" " ind2=" " tag="300"><subfield code="a">v.</subfield></datafield><datafield ind1=" " ind2=" " tag="310"><subfield code="a">Daily (except Sunday)</subfield></datafield><datafield ind1="1" ind2=" " tag="362"><subfield code="a">Began in 1894.</subfield></datafield><datafield ind1="0" ind2=" " tag="362"><subfield code="a">-v. 1, no. 202 (Jan. 26, 1895).</subfield></datafield><datafield ind1=" " ind2=" " tag="588"><subfield code="a">Description based on: Volume 1, number 180 (Jan. 1, 1895).</subfield></datafield><datafield ind1=" " ind2="0" tag="651"><subfield code="a">Charleston (Ill.)</subfield><subfield code="v">Newspapers.</subfield></datafield><datafield ind1=" " ind2="7" tag="651"><subfield code="a">Illinois</subfield><subfield code="z">Charleston.</subfield><subfield code="2">fast</subfield><subfield code="0">(OCoLC)fst01205861</subfield></datafield><datafield ind1=" " ind2="7" tag="655"><subfield code="a">Newspapers.</subfield><subfield code="2">fast</subfield><subfield code="0">(OCoLC)fst01423814</subfield></datafield><datafield ind1=" " ind2=" " tag="752"><subfield code="a">United States</subfield><subfield code="b">Illinois</subfield><subfield code="c">Coles</subfield><subfield code="d">Charleston.</subfield></datafield><datafield ind1="0" ind2=" " tag="775"><subfield code="t">Charleston courier (Charleston, Ill. : 1863)</subfield><subfield code="w">(DLC)sn 85033475</subfield><subfield code="w">(OCoLC)11987004</subfield></datafield><datafield ind1="0" ind2="0" tag="785"><subfield code="t">Daily courier (Charleston, Ill.)</subfield><subfield code="w">(DLC)sn 90054887</subfield><subfield code="w">(OCoLC)21244623</subfield></datafield></record>